@inproceedings{Castillo13Indicadores,
  author    = {P. A. Castillo Valdivieso and
               P. Garc{\'{\i}}a{-}S{\'{a}}nchez and
               A. M. Mora and
               M. G. Arenas and               
               Gustavo Romero and
               J. J. Merelo and
               A. Prieto and
               P. Garc{\'{\i}}a{-}Fern{\'{a}}ndez and
               V. M. Rivas
               },
  title     = {Estudio de los indicadores de exposici{\'o}n al riesgo mediante un sistema de monitorizaci{\'o}n del tr{\'a}fico basado en la tecnolog{\'i}a Bluetooth},
  booktitle = {Actas de las IV Jornadas de Computaci{\'o}n Empotrada (JCE), Madrid, 17-20 Septiembre 2013},
  pages     = {132--139},
  year      = {2013},
  isbn      = {978-84-695-8317-3},
}

@inproceedings{Rivadeneyra10Wifi,
author = {A. Rivadeneyra and J. C. Segura and P. Garc\'ia-S\'anchez},
title = {{Localizaci\'on en Interiores mediante Wi-Fi}},
booktitle = {{Actas del I Simposio en Computaci\'on Empotrada SICE 2010, (CEDI2010)}},
editor = {J. Gonz\'alez and others} ,
isbn = {978-84-92812-69-1},
publisher ={IBERGARCETA PUBLICACIONES, S.L., Madrid},
pages={113--120},
year = {2010},
}

@book{traffic13,
    author    = "U.S Department of Transportation",
    title     = "Traffic Monitoring Guide",
    year      = "2013",
    address   = "Washington DC, USA",
    url = {http://www.fhwa.dot.gov/policyinformation/tmguide/}
}

@techreport{martin2003detector,
  title={Detector technology evaluation},
  author={Martin, Peter T. and Feng, Yuqi and Wang, Xiaodong and others},
  year={2003},
  institution={Mountain-Plains Consortium}
}

@inbook{Castillo14Individualized,
authors= {P.A. Castillo and A. Fernández-Ares and P. García-Fernández and P. García-Sánchez and M.G. Arenas and A.M. Mora and G. Romero and V. Rivas and J.J. Merelo},
title={Studying individualized transit indicators using a new low-cost information system},
booktitle={Industry and Research Perspectives on Embedded System Design},
series={Advances in Systems Analysis, Software Engineering, and High Performance Computing (ASASEHPC) Book Series},
editor={Alessandra Bagnato and Leandro Soares Indrusiak and Imran Rafiq Quadri and Matteo Rossi},
chapter={16},
pages={395-415},
isbn={978-1466661943},
publisher={{IGI GLOBAL}},
year={2014},
}



@article{GarciaFernandezMonitorizacion,
authors= {Pedro García-Fernández and Pedro A. Castillo and Pablo García-Sánchez and Maribel G. Arenas and Antonio M. Mora and Gustavo Romero and Juan J. Merelo  and Victor M. Rivas},
title={Monitorizaci{\'o}n del estado de las carreteras mediante un sistema aut{\'o}nomo y de bajo coste basado en la tecnología Bluetooth},
journal={SECURITAS VIALIS, Journal Europeo de Tráfico, Transporte y Seguridad Vial}, 
publisher={Springer},
volume = {17},
pages= {139-160},
ISSN={1888-9697},
year={2014},
}

@book{rodrigue2013geography,
  title={The geography of transport systems},
  author={Rodrigue, Jean-Paul and Comtois, Claude and Slack, Brian},
  year={2013},
  publisher={Routledge}
}

@article{sherry2001report,
  title={Report on Non-Traditional Traffic Counting Methods},
  author={Sherry, L},
  journal={Tanque Verde Loop Rd. Tucson, AZ},
  volume={85748},
  pages={505},
  year={2001}
}
